<record><leader>00000cas a22000007a 4500</leader><controlfield tag="001">13910281</controlfield><controlfield tag="008">860721c19189999iauwr ne      0    0eng d</controlfield><datafield ind1=" " ind2=" " tag="010"><subfield code="a">sn 86086523 </subfield></datafield><datafield ind1=" " ind2=" " tag="040"><subfield code="a">NPV</subfield><subfield code="b">eng</subfield><subfield code="c">NPV</subfield><subfield code="d">INP</subfield><subfield code="d">OCLCQ</subfield></datafield><datafield ind1=" " ind2=" " tag="042"><subfield code="a">msc</subfield></datafield><datafield ind1=" " ind2=" " tag="045"><subfield code="a">x1--</subfield></datafield><datafield ind1="0" ind2="4" tag="245"><subfield code="a">The Nashua reporter and weekly Nashua post.</subfield></datafield><datafield ind1="1" ind2="3" tag="246"><subfield code="a">Nashua reporter</subfield></datafield><datafield ind1=" " ind2=" " tag="260"><subfield code="a">Nashua, Iowa :</subfield><subfield code="b">G.E. Ellison,</subfield><subfield code="c">1918-</subfield></datafield><datafield ind1=" " ind2=" " tag="300"><subfield code="a">v. :</subfield><subfield code="b">ill.</subfield></datafield><datafield ind1=" " ind2=" " tag="310"><subfield code="a">Weekly</subfield></datafield><datafield ind1="0" ind2=" " tag="362"><subfield code="a">Vol. 26, no. 15 (Dec. 5, 1918)-</subfield></datafield><datafield ind1=" " ind2=" " tag="500"><subfield code="a">Publisher varies.</subfield></datafield><datafield ind1=" " ind2=" " tag="500"><subfield code="a">Includes section called: Plainfield news, &lt;June 20-Dec. 19, 1979&gt;.</subfield></datafield><datafield ind1=" " ind2=" " tag="515"><subfield code="a">Suspended with v. 50, no. 32 (Mar. 20, 1944); resumed with v. 50, no. 33 (Jan. 2, 1946).</subfield></datafield><datafield ind1=" " ind2=" " tag="752"><subfield code="a">United States</subfield><subfield code="b">Iowa</subfield><subfield code="c">Chickasaw</subfield><subfield code="d">Nashua.</subfield></datafield><datafield ind1=" " ind2=" " tag="752"><subfield code="a">United States</subfield><subfield code="b">Iowa</subfield><subfield code="c">Bremer</subfield><subfield code="d">Plainfield.</subfield></datafield><datafield ind1="0" ind2="4" tag="780"><subfield code="t">Weekly Nashua post</subfield><subfield code="w">(DLC)sn 83025178</subfield></datafield><datafield ind1="0" ind2="4" tag="780"><subfield code="t">Nashua reporter (Nashua, Iowa : 1894)</subfield><subfield code="w">(DLC)sn 87058088</subfield></datafield><datafield ind1="1" ind2=" " tag="787"><subfield code="t">Plainfield news</subfield></datafield></record>